
@article{boschMultiModalNetworkMATSim2015,
  title = {A {{Multi-Modal Network}} for {{MATSim}}},
  author = {Bösch, Patrick M. and Ciari, Francesco},
  date = {2015},
  pages = {21 p.},
  publisher = {{ETH Zurich}},
  doi = {10.3929/ETHZ-B-000100802},
  url = {http://hdl.handle.net/20.500.11850/100802},
  urldate = {2022-08-31},
  langid = {english},
  keywords = {Mapping,MATSim,Multi-Modal,Network,OSM}
}

@article{gomez-diazEvaluationResearchSoftware2019,
  title = {On the Evaluation of Research Software: The {{CDUR}} Procedure},
  shorttitle = {On the Evaluation of Research Software},
  author = {Gomez-Diaz, Teresa and Recio, Tomas},
  date = {2019-11-26},
  journaltitle = {F1000Res},
  volume = {8},
  pages = {1353},
  issn = {2046-1402},
  doi = {10.12688/f1000research.19994.2},
  url = {https://f1000research.com/articles/8-1353/v2},
  urldate = {2022-09-02},
  abstract = {Background:               Evaluation of the quality of research software is a challenging and relevant issue, still not sufficiently addressed by the scientific community.                                         Methods:               Our contribution begins by defining, precisely but widely enough, the notions of research software and of its authors followed by a study of the evaluation issues, as the basis for the proposition of a sound assessment protocol: the CDUR procedure.                                         Results:               CDUR comprises four steps introduced as follows:               C               itation, to deal with correct RS identification,               D               issemination, to measure good dissemination practices,               U               se, devoted to the evaluation of usability aspects, and               R               esearch, to assess the impact of the scientific work.                                         Conclusions:               Some conclusions and recommendations are finally included. The evaluation of research is the keystone to boost the evolution of the Open Science policies and practices. ~It is as well our belief that research software evaluation is a fundamental step to induce better research software practices and, thus, a step towards more efficient science.},
  langid = {english},
  file = {/Users/jackminster/Zotero/storage/475W4WY9/Gomez-Diaz and Recio - 2019 - On the evaluation of research software the CDUR p.pdf}
}

@article{grunickeImplementationCostbenefitAnalysis2020,
  title = {Implementation of a Cost-Benefit Analysis of {{Demand-Responsive Transport}} with a {{Multi-Agent Transport Simulation}}},
  author = {Grunicke, Conny and Schlüter, Jan Christian and Jokinen, Jani-Pekka},
  date = {2020},
  publisher = {{arXiv}},
  doi = {10.48550/ARXIV.2011.12869},
  url = {https://arxiv.org/abs/2011.12869},
  urldate = {2022-08-26},
  abstract = {In this paper, the technical requirements to perform a cost-benefit analysis of a Demand Responsive Transport (DRT) service with the traffic simulation software MATSim are elaborated in order to achieve the long-term goal of assessing the introduction of a DRT service in Göttingen and the surrounding area. The aim was to determine if the software is suitable for a cost-benefit analysis while providing a user manual for building a basic simulation that can be extended with public transport and DRT. The main result is that the software is suitable for a cost-benefit analysis of a DRT service. In particular, the most important internal and external costs, such as usage costs of the various modes of transport and emissions, can be integrated into the simulation scenarios. Thus, the scenarios presented in this paper can be extended by data from a mobility study of Göttingen and its surroundings in order to achieve the long-term goal. This paper is aimed at transport economists and researchers who are not familiar with MATSim, to provide them with a guide for the first steps in working with a traffic simulation software.},
  version = {2},
  keywords = {Econometrics (econ.EM),FOS: Economics and business,General Economics (econ.GN)}
}

@misc{horniMultiAgentTransportSimulation2022,
  title = {The {{Multi-Agent Transport Simulation MATSim}}},
  author = {Horni, Andreas and Nagel, Kai and Axhausen, Kay W.},
  date = {2022},
  publisher = {{MATSim Organisation}},
  url = {https://www.matsim.org/the-book}
}

@article{jafariBuildingRoadNetwork2022,
  title = {Building the Road Network for City-Scale Active Transport Simulation Models},
  author = {Jafari, Afshin and Both, Alan and Singh, Dhirendra and Gunn, Lucy and Giles-Corti, Billie},
  date = {2022-01},
  journaltitle = {Simulation Modelling Practice and Theory},
  volume = {114},
  pages = {102398},
  issn = {1569190X},
  doi = {10.1016/j.simpat.2021.102398},
  url = {https://linkinghub.elsevier.com/retrieve/pii/S1569190X21001003},
  urldate = {2022-09-02},
  langid = {english},
  file = {/Users/jackminster/Zotero/storage/GMZTDNBV/Jafari et al. - 2022 - Building the road network for city-scale active tr.pdf}
}

@article{marburgerMoreRealisticSimulation2021,
  title = {Towards a More Realistic Simulation of Public Transit: {{Generating}} Transit Schedules with Vehicle Circulations},
  shorttitle = {Towards a More Realistic Simulation of Public Transit},
  author = {Marburger, Gero L. and Kaddoura, Ihab},
  date = {2021},
  journaltitle = {Procedia Computer Science},
  volume = {184},
  pages = {698--703},
  issn = {18770509},
  doi = {10.1016/j.procs.2021.04.011},
  url = {https://linkinghub.elsevier.com/retrieve/pii/S1877050921007845},
  urldate = {2022-09-02},
  langid = {english}
}

@online{matsimMATSimExtensions2022,
  title = {{{MATSim Extensions}}},
  author = {{MATSim}},
  date = {2022},
  url = {https://matsim.org/extensions/}
}

@misc{mcnallyFourStepModel2000,
  title = {The {{Four Step Model}}},
  author = {McNally, Micheal G.},
  date = {2000-12-01},
  publisher = {{University of California}},
  url = {https://escholarship.org/content/qt7j0003j0/qt7j0003j0.pdf?t=lnol2e}
}

@incollection{nagelHistoryMATSim2016,
  title = {Some History of {{MATSim}}},
  author = {Nagel, Kai and Axhausen, Kay W.},
  date = {2016-08},
  publisher = {{ETH Zurich}},
  doi = {10.3929/ETHZ-B-000119100},
  url = {http://hdl.handle.net/20.500.11850/119100},
  urldate = {2022-08-25},
  editora = {Horni, Andreas and Nagel, Kai and Axhausen, Kay W.},
  editoratype = {collaborator},
  langid = {english}
}

@article{NagelKai1992Acam,
  title = {A Cellular Automaton Model for Freeway Traffic},
  author = {Nagel, Kai and Schreckenberg, Michael},
  date = {1992},
  journaltitle = {Journal de physique. I (Les Ulis)},
  volume = {2},
  number = {12},
  pages = {2221--2229},
  publisher = {{EDP Sciences}},
  location = {{LES ULIS CEDEX}},
  issn = {1155-4304},
  abstract = {We introduce a stochastic discrete automaton model to freeway traffic. Monte-Carlo simulations of the model show a transition from laminar traffic flow to start-stop-waves with increasing vehicle density, as is observed in real freeway traffic. For special cases analytical results can be obtained.},
  copyright = {1993 INIST-CNRS},
  langid = {english},
  keywords = {and statistics,Exact sciences and technology,General,Mathematical methods in physics,Multidisciplinary,Physical Sciences,Physics,Physics archives,Probability theory,Science & Technology,stochastic processes}
}

@inbook{ordonezSemiAutomaticToolBus2016,
  title = {Semi-{{Automatic Tool}} for {{Bus Route Map Matching}}},
  booktitle = {The {{Multi-Agent Transport Simulation MATSim}}},
  author = {Ordóñez, Sergio Arturo},
  editor = {Horni, Andreas and Nagel, Kai and {TU Berlin}},
  date = {2016-08-10},
  pages = {115--122},
  publisher = {{Ubiquity Press}},
  doi = {10.5334/baw.18},
  url = {http://www.ubiquitypress.com/site/chapters/10.5334/baw.18/},
  urldate = {2022-08-26},
  bookauthor = {Axhausen, Kay W. and {ETH Zürich}},
  isbn = {978-1-909188-75-4},
  file = {/Users/jackminster/Zotero/storage/DFJSXHT6/Future Cities Laboratory, Singapore-ETH Centre and Ordóñez - 2016 - Semi-Automatic Tool for Bus Route Map Matching.pdf}
}

@article{pfeifferTechnicalDebtMaintainability2022,
  title = {Technical {{Debt}} and {{Maintainability}}: {{How}} Do Tools Measure It?},
  shorttitle = {Technical {{Debt}} and {{Maintainability}}},
  author = {Pfeiffer, Rolf-Helge and Lungu, Mircea},
  date = {2022},
  publisher = {{arXiv}},
  doi = {10.48550/ARXIV.2202.13464},
  url = {https://arxiv.org/abs/2202.13464},
  urldate = {2022-09-02},
  abstract = {The technical state of software, i.e., its technical debt (TD) and maintainability are of increasing interest as ever more software is developed and deployed. Since td and maintainability are neither uniformly defined, not easy to understand, nor directly measurable, practitioners are likely to apply readily available tools to assess TD or maintainability and they may rely on the reported results without properly understanding what they embody. In this paper, we: a) methodically identify 11 readily available tools that measure TD or maintainability, b) present an in-depth investigation on how each of these tools measures and computes TD or maintainability, and c) compare these tools and their characteristics. We find that contemporary tools focus mainly on internal qualities of software, i.e., quality of source code, that they define and measure TD or maintainability in widely different ways, that most of the tools measure TD or maintainability opaquely, and that it is not obvious why the measure of one tool is more trustworthy or representative than the one of another.},
  version = {1},
  keywords = {FOS: Computer and information sciences,Software Engineering (cs.SE)}
}

@misc{polettiPublicTransitMapping2016,
  title = {Public {{Transit Mapping}} on {{Multi-Modal Networks}} in {{MATSim}}},
  author = {Poletti, Flavio},
  date = {2016},
  url = {https://ethz.ch/content/dam/ethz/special-interest/baug/ivt/ivt-dam/publications/students/501-600/sa530.pdf}
}

@misc{polettiPublicTransitMapping2017,
  title = {Public {{Transit Mapping}} on {{Multi-Modal Networks}} in {{MATSim}}},
  author = {Poletti},
  date = {2017},
  publisher = {{ETH Zurich}},
  url = {https://ethz.ch/content/dam/ethz/special-interest/baug/ivt/ivt-dam/news/vss-poletti-matsim.pdf}
}

@article{polettiPublicTransitRoute2017,
  title = {Public {{Transit Route Mapping}} for {{Large-Scale Multimodal Networks}}},
  author = {Poletti, Flavio and Bösch, Patrick and Ciari, Francesco and Axhausen, Kay},
  date = {2017-08-26},
  journaltitle = {IJGI},
  volume = {6},
  number = {9},
  pages = {268},
  issn = {2220-9964},
  doi = {10.3390/ijgi6090268},
  url = {http://www.mdpi.com/2220-9964/6/9/268},
  urldate = {2022-09-02},
  langid = {english},
  file = {/Users/jackminster/Zotero/storage/L77VRJCT/Poletti et al. - 2017 - Public Transit Route Mapping for Large-Scale Multi.pdf}
}

@misc{rieserAddingRealismEfficiency2018,
  title = {Adding {{Realism}} and {{Efficiency}} to {{Public Transportation}} in {{MATSim}}},
  author = {Rieser, Marcel and Métrailler, Denis},
  date = {2018},
  publisher = {{18th Swiss Transport Research Conference}},
  url = {http://www.strc.ch/2018/Metrailler_Lieberherr.pdf}
}

@unpublished{rieserMATSimTutorial2019,
  title = {{{MATSim Tutorial}}},
  author = {Rieser, Marcel},
  date = {2019},
  url = {https://www.simunto.com/matsim/tutorials/eifer2019/},
  venue = {{European Institute for Energy Research}}
}

@incollection{rieserModelingPublicTransport2016,
  title = {Modeling {{Public Transport}} with {{MATSim}}},
  author = {Rieser, Marcel},
  date = {2016-08},
  publisher = {{ETH Zurich}},
  doi = {10.3929/ETHZ-B-000119100},
  url = {http://hdl.handle.net/20.500.11850/119100},
  urldate = {2022-08-25},
  editora = {Horni, Andreas and Nagel, Kai and Axhausen, Kay W.},
  editoratype = {collaborator},
  langid = {english}
}

@article{zilskeAngebotsdatenNachfragedatenUnd2018,
  title = {Angebotsdaten, {{Nachfragedaten}} Und {{SoftwarearchitekturTransparent}} and Versatile Traffic Simulation: Supply Data, Demand Data, and Software Architecture},
  shorttitle = {Angebotsdaten, {{Nachfragedaten}} Und {{SoftwarearchitekturTransparent}} and Versatile Traffic Simulation},
  author = {Zilske, Michael},
  date = {2018},
  publisher = {{Technische Universität Berlin}},
  doi = {10.14279/DEPOSITONCE-7322},
  url = {https://depositonce.tu-berlin.de//handle/11303/8167},
  urldate = {2022-09-01},
  abstract = {Verkehrssimulationen, als Softwaresysteme betrachtet, sind komplex und datenhungrig. Das Aufsetzen einer praktisch anwendbaren Modellinstanz für ein konkretes verkehrswissenschaftliches Untersuchungsszenario umfasst Datenbeschaffung und arbeitsteilige Softwareentwicklung. Beides sind langwierige und kostenintensive Teilaufgaben. Sowohl die Grundlagenforschung an Verkehrssimulationen als auch ihre praktische Anwendung würden davon profitieren, diese Aufgaben zu erleichtern.
 Zwei große Entwicklungslinien in der Softwareindustrie sind Open-Source und Open-Data: Die zumeist arbeitsteilige, transparente Softwareentwicklung mit offenem Quellcode und öffentlich verfügbaren Werkzeugen, sowie das freie Verfügbarmachen von Daten, oft aus Infrastruktur, Wissenschaft und öffentlich finanzierten Projekten.
 Die Dissertation untersucht drei Aspekte von Verkehrs-Mikrosimulationen anhand dieser Entwicklungslinien:
 • Eingabedaten zum Verkehrsangebot
 • Eingabedaten zur Verkehrsnachfrage
 • Eine modulare Softwarearchitektur
 Im ersten Teil werden Verfahren und Werkzeuge entwickelt, etablierte offene Datenquellen zur Verkehrsnetzen, speziell OpenStreetMap und Fahrplandaten, für die Verkehrssimulation nutzbar zu machen. Im zweiten Teil wird zunächst untersucht, welche tatsächlich offenen Datenquellen für die Verkehrsnachfrage zur Verfügung stehen oder verfügbar gemacht werden könnten. In Reaktion auf das häufiger werdende Auftauchen von Mobilfunkdatensätzen, einer Datenquelle, die gerade nicht offen ist und deren Offenheit besonders Datenschutzerwägungen fundamental entgegenzustehen scheinen, wird dann die Nutzung von anonymisierten Mobilfunkdaten untersucht. Im dritten Teil wird eine Softwarearchitektur für Verkehrssimulationen entwickelt, die sich hauptsächlich durch Erweiterbarkeit und Transparenz auszeichnet, zwei Aspekte, die entscheidend für die erfolgreiche Verwendung in arbeitsteiligen Forschungsvorhaben sind.},
  editora = {Technische Universität Berlin and Technische Universität Berlin and Nagel, Kai},
  editoratype = {collaborator},
  langid = {english},
  keywords = {380 Handel; Kommunikation; Verkehr,mobile phone data,Mobilfunkdaten,software architecture,Softwarearchitektur,traffic simulation,Verkehrssimulation,volunteered geographic information}
}

@article{zilskeAngebotsdatenNachfragedatenUnd2018a,
  title = {Angebotsdaten, {{Nachfragedaten}} Und {{SoftwarearchitekturTransparent}} and Versatile Traffic Simulation: Supply Data, Demand Data, and Software Architecture},
  shorttitle = {Angebotsdaten, {{Nachfragedaten}} Und {{SoftwarearchitekturTransparent}} and Versatile Traffic Simulation},
  author = {Zilske, Michael},
  date = {2018},
  publisher = {{Technische Universität Berlin}},
  doi = {10.14279/DEPOSITONCE-7322},
  url = {https://depositonce.tu-berlin.de//handle/11303/8167},
  urldate = {2022-09-02},
  abstract = {Verkehrssimulationen, als Softwaresysteme betrachtet, sind komplex und datenhungrig. Das Aufsetzen einer praktisch anwendbaren Modellinstanz für ein konkretes verkehrswissenschaftliches Untersuchungsszenario umfasst Datenbeschaffung und arbeitsteilige Softwareentwicklung. Beides sind langwierige und kostenintensive Teilaufgaben. Sowohl die Grundlagenforschung an Verkehrssimulationen als auch ihre praktische Anwendung würden davon profitieren, diese Aufgaben zu erleichtern.
 Zwei große Entwicklungslinien in der Softwareindustrie sind Open-Source und Open-Data: Die zumeist arbeitsteilige, transparente Softwareentwicklung mit offenem Quellcode und öffentlich verfügbaren Werkzeugen, sowie das freie Verfügbarmachen von Daten, oft aus Infrastruktur, Wissenschaft und öffentlich finanzierten Projekten.
 Die Dissertation untersucht drei Aspekte von Verkehrs-Mikrosimulationen anhand dieser Entwicklungslinien:
 • Eingabedaten zum Verkehrsangebot
 • Eingabedaten zur Verkehrsnachfrage
 • Eine modulare Softwarearchitektur
 Im ersten Teil werden Verfahren und Werkzeuge entwickelt, etablierte offene Datenquellen zur Verkehrsnetzen, speziell OpenStreetMap und Fahrplandaten, für die Verkehrssimulation nutzbar zu machen. Im zweiten Teil wird zunächst untersucht, welche tatsächlich offenen Datenquellen für die Verkehrsnachfrage zur Verfügung stehen oder verfügbar gemacht werden könnten. In Reaktion auf das häufiger werdende Auftauchen von Mobilfunkdatensätzen, einer Datenquelle, die gerade nicht offen ist und deren Offenheit besonders Datenschutzerwägungen fundamental entgegenzustehen scheinen, wird dann die Nutzung von anonymisierten Mobilfunkdaten untersucht. Im dritten Teil wird eine Softwarearchitektur für Verkehrssimulationen entwickelt, die sich hauptsächlich durch Erweiterbarkeit und Transparenz auszeichnet, zwei Aspekte, die entscheidend für die erfolgreiche Verwendung in arbeitsteiligen Forschungsvorhaben sind.},
  editora = {Technische Universität Berlin and Technische Universität Berlin and Nagel, Kai},
  editoratype = {collaborator},
  langid = {english},
  keywords = {380 Handel; Kommunikation; Verkehr,mobile phone data,Mobilfunkdaten,software architecture,Softwarearchitektur,traffic simulation,Verkehrssimulation,volunteered geographic information}
}


